@article {CombinatorialArticle,
    AUTHOR = {Krebs, Mike and Martinez, Natalie C.},
     TITLE = {The combinatorial trace method in action},
   JOURNAL = {College Math. J.},
  FJOURNAL = {The College Mathematics Journal},
    VOLUME = {44},
      YEAR = {2013},
    NUMBER = {1},
     PAGES = {32--36},
      ISSN = {0746-8342},
   MRCLASS = {05C50 (05C38)},
  MRNUMBER = {3005908},
       DOI = {10.4169/college.math.j.44.1.032},
       URL = {http://dx.doi.org.libproxy.adelphi.edu:2048/10.4169/college.math.j.44.1.032},
}

@book {LAText,
    AUTHOR = {Penney, Richard C.},
     TITLE = {Linear algebra},
   EDITION = {Fourth},
      NOTE = {Ideas and applications},
 PUBLISHER = {John Wiley \& Sons, Inc., Hoboken, NJ},
      YEAR = {2016},
     PAGES = {xix+490},
      ISBN = {978-1-118-90958-4},
   MRCLASS = {15-01},
  MRNUMBER = {3524689},
}
    
@book {Graph_Theory,
    AUTHOR = {Wilson, Robin J.},
     TITLE = {Introduction to graph theory},
      NOTE = {Fourth edition [of MR0357175]},
 PUBLISHER = {Longman, Harlow},
      YEAR = {1996},
     PAGES = {viii+171},
      ISBN = {0-582-24993-7},
   MRCLASS = {05Cxx (05-01)},
  MRNUMBER = {2590569},
}
    
